<record><leader>00000cas a22000007a 4500</leader><controlfield tag="001">11932530</controlfield><controlfield tag="008">850417d18521856wiuwr ne      0    0eng d</controlfield><datafield ind1=" " ind2=" " tag="010"><subfield code="a">sn 85040527 </subfield></datafield><datafield ind1=" " ind2=" " tag="040"><subfield code="a">NPV</subfield><subfield code="b">eng</subfield><subfield code="c">NPV</subfield><subfield code="d">DLC</subfield><subfield code="d">IUL</subfield><subfield code="d">OCLCF</subfield><subfield code="d">OCLCA</subfield></datafield><datafield ind1="1" ind2=" " tag="029"><subfield code="a">AU@</subfield><subfield code="b">000025802109</subfield></datafield><datafield ind1=" " ind2=" " tag="042"><subfield code="a">msc</subfield></datafield><datafield ind1=" " ind2=" " tag="043"><subfield code="a">n-us-wi</subfield></datafield><datafield ind1=" " ind2=" " tag="045"><subfield code="a">w5w5</subfield></datafield><datafield ind1="0" ind2="0" tag="050"><subfield code="a">Newspaper</subfield></datafield><datafield ind1="0" ind2="0" tag="245"><subfield code="a">Fountain City herald.</subfield></datafield><datafield ind1=" " ind2=" " tag="260"><subfield code="a">Fond du Lac, Wis. :</subfield><subfield code="b">R. Buck,</subfield><subfield code="c">1852-1856.</subfield></datafield><datafield ind1=" " ind2=" " tag="300"><subfield code="a">4 v. :</subfield><subfield code="b">ill. (chiefly advertisements)</subfield></datafield><datafield ind1=" " ind2=" " tag="310"><subfield code="a">Weekly</subfield></datafield><datafield ind1="0" ind2=" " tag="362"><subfield code="a">Vol. 1, no. 1 (Nov. 9, 1852)-v. 4, no. 44 (Sept. 2, 1856).</subfield></datafield><datafield ind1=" " ind2=" " tag="500"><subfield code="a">Published every Tuesday.</subfield></datafield><datafield ind1=" " ind2=" " tag="515"><subfield code="a">Vol. 1, no. 2 published Nov. 23, 1852.</subfield></datafield><datafield ind1=" " ind2=" " tag="530"><subfield code="a">Available on microfilm from The State Historical Society of Wisconsin.</subfield></datafield><datafield ind1=" " ind2=" " tag="500"><subfield code="a">Editor: R. Buck.</subfield></datafield><datafield ind1=" " ind2=" " tag="580"><subfield code="a">Also published in daily eds. with title: Fountain City daily herald.</subfield></datafield><datafield ind1=" " ind2="0" tag="651"><subfield code="a">Fond du Lac (Wis.)</subfield><subfield code="v">Newspapers.</subfield></datafield><datafield ind1=" " ind2="0" tag="651"><subfield code="a">Fond du Lac County (Wis.)</subfield><subfield code="v">Newspapers.</subfield></datafield><datafield ind1=" " ind2="7" tag="651"><subfield code="a">Wisconsin</subfield><subfield code="z">Fond du Lac.</subfield><subfield code="2">fast</subfield><subfield code="0">(OCoLC)fst01202767</subfield></datafield><datafield ind1=" " ind2="7" tag="651"><subfield code="a">Wisconsin</subfield><subfield code="z">Fond du Lac County.</subfield><subfield code="2">fast</subfield><subfield code="0">(OCoLC)fst01212939</subfield></datafield><datafield ind1=" " ind2="7" tag="655"><subfield code="a">Newspapers.</subfield><subfield code="2">fast</subfield><subfield code="0">(OCoLC)fst01423814</subfield></datafield><datafield ind1=" " ind2=" " tag="752"><subfield code="a">United States</subfield><subfield code="b">Wisconsin</subfield><subfield code="c">Fond du Lac</subfield><subfield code="d">Fond du Lac.</subfield></datafield><datafield ind1="1" ind2=" " tag="775"><subfield code="t">Fountain City daily herald (Fond du Lac, Wis. : 1854)</subfield><subfield code="w">(DLC)sn 85040525</subfield><subfield code="w">(OCoLC)11932267</subfield></datafield><datafield ind1="1" ind2=" " tag="775"><subfield code="t">Fountain City daily herald (Fond du Lac, Wis. : 1856)</subfield><subfield code="w">(DLC)sn 85040526</subfield><subfield code="w">(OCoLC)11932394</subfield></datafield><datafield ind1="0" ind2="7" tag="785"><subfield code="t">Western freeman</subfield><subfield code="w">(DLC)sn 84025576</subfield><subfield code="w">(OCoLC)11402596</subfield></datafield><datafield ind1="0" ind2="7" tag="785"><subfield code="t">Fond du Lac weekly commonwealth</subfield><subfield code="w">(DLC)sn 84031375</subfield><subfield code="w">(OCoLC)11138594</subfield></datafield></record>